<record><leader>00000cas a2200000 a 4500</leader><controlfield tag="001">31226180</controlfield><controlfield tag="007">hd bfu---baat</controlfield><controlfield tag="007">hd afu---bact</controlfield><controlfield tag="008">941005d190019uunbuwr nea     0    0eng d</controlfield><datafield ind1=" " ind2=" " tag="010"><subfield code="a">sn 94056235 </subfield></datafield><datafield ind1=" " ind2=" " tag="040"><subfield code="a">NVG</subfield><subfield code="b">eng</subfield><subfield code="c">NVG</subfield><subfield code="d">OCL</subfield><subfield code="d">OCLCQ</subfield></datafield><datafield ind1=" " ind2=" " tag="042"><subfield code="a">msc</subfield></datafield><datafield ind1=" " ind2=" " tag="043"><subfield code="a">n-us-nb</subfield></datafield><datafield ind1="0" ind2="4" tag="245"><subfield code="a">The Indianola independent</subfield><subfield code="h">[microform].</subfield></datafield><datafield ind1="1" ind2="3" tag="246"><subfield code="a">Weekly reporter</subfield></datafield><datafield ind1=" " ind2=" " tag="260"><subfield code="a">Indianola, Neb. :</subfield><subfield code="b">S.R. Smith,</subfield><subfield code="c">1900-</subfield></datafield><datafield ind1=" " ind2=" " tag="300"><subfield code="a">v.</subfield></datafield><datafield ind1=" " ind2=" " tag="310"><subfield code="a">Weekly</subfield></datafield><datafield ind1="0" ind2=" " tag="362"><subfield code="a">Vol. 8, no. [31] (Sept. 14, 1900)-</subfield></datafield><datafield ind1=" " ind2=" " tag="515"><subfield code="a">Suspended following Oct. 12, 1900 issue; resumed on Nov. 23, 1900 with v. 10, no. 47.</subfield></datafield><datafield ind1=" " ind2=" " tag="580"><subfield code="a">Absorbed in part by: Red Willow County Sun, Nov. 2, 1900, and continued with new vol. numbering.</subfield></datafield><datafield ind1=" " ind2=" " tag="533"><subfield code="a">Microfilm.</subfield><subfield code="m">Sept. 14,1900-May 8,1903:[Gaps]</subfield><subfield code="b">Lincoln, Neb. :</subfield><subfield code="c">Nebraska State Historical Society,</subfield><subfield code="d">1974-</subfield><subfield code="e">2 microfilm reels ; 35 mm.</subfield></datafield><datafield ind1=" " ind2="0" tag="651"><subfield code="a">Indianola (Neb.)</subfield><subfield code="v">Newspapers.</subfield></datafield><datafield ind1=" " ind2=" " tag="752"><subfield code="a">United States</subfield><subfield code="b">Nebraska</subfield><subfield code="c">Red Willow</subfield><subfield code="d">Indianola.</subfield></datafield><datafield ind1="0" ind2="0" tag="780"><subfield code="t">Weekly reporter (Indianola, Neb.)</subfield><subfield code="w">(DLC)sn 94056234</subfield></datafield><datafield ind1="1" ind2="5" tag="785"><subfield code="t">Red Willow County sun</subfield></datafield><datafield ind1="1" ind2=" " tag="029"><subfield code="a">AU@</subfield><subfield code="b">000011305676</subfield></datafield></record>